@inproceedings{hughes2009,
	address      = {Gothenburg, Sweden},
	title        = {Twitter adoption and use in mass convergence and emergency events.},
	booktitle    = {proceedings of the 6\textsuperscript{th} International ISCRAM Conference},
	author       = {A. L. Hughes and L. Palen},
	month        = {May},
	year         = {2009},
}

@inproceedings{hurlock2010,
	address      = {Barcelona, Spain},
	title        = {Searching Twitter: Separating the Tweet from the Chaff},
	booktitle    = {proceedings of ICWSM-11 - 5\textsuperscript{th} International AAAI Conference on Weblogs and Social Media},
	author       = {Jonathan Hurlock and Max L. Wilson},
	month        = {July},
	year         = {2011},
}

@inproceedings{java2007,
	author       = {Java, Akshay and Song, Xiaodan and Finin, Tim and Tseng, Belle},
	title        = {Why we twitter: understanding microblogging usage and communities},
	booktitle    = {Proceedings of the 9\textsuperscript{th} WebKDD and 1\textsuperscript{st} SNA-KDD 2007 workshop on Web mining and social network analysis},
	series       = {WebKDD/SNA-KDD '07},
	year         = {2007},
	isbn         = {978-1-59593-848-0},
	location     = {San Jose, California},
	pages        = {56--65},
	numpages     = {10},
	url          = {http://doi.acm.org/10.1145/1348549.1348556},
	doi          = {http://doi.acm.org/10.1145/1348549.1348556},
	acmid        = {1348556},
	publisher    = {ACM},
	address      = {New York, NY, USA},
	keywords     = {microblogging, social media, social network analysis, user intent},
} 

@article{kaplan2010,
	title        = {Users of the world, unite! The challenges and opportunities of Social Media},
	journal      = {Business Horizons},
	volume       = {53},
	number       = {1},
	pages        = {59 - 68},
	year         = {2010},
	note         = {},
	issn         = {0007-6813},
	doi          = {10.1016/j.bushor.2009.09.003},
	url          = {http://www.sciencedirect.com/science/article/pii/S0007681309001232},
	author       = {Andreas M. Kaplan and Michael Haenlein},
	keywords     = {Social Media},
	keywords     = {User Generated Content},
	keywords     = {Web 2.0},
	keywords     = {Social networking sites},
	keywords     = {Virtual worlds},
}

@article{zhao2011,
	title        = {Comparing Twitter and Traditional Media using Topic Models},
	volume       = {6611},
	url          = {http://www.springerlink.com/index/9614610Q7Q13M4K6.pdf},
	journal      = {New York},
	publisher    = {Springer},
	author       = {Zhao, Wayne Xin and Jiang, Jing and Weng, Jianshu and He, Jing and Lim, Ee-Peng},
	year         = {2011},
	pages        = {338--349},
}

@article{goodchild2007,
	author       = {Michael F. Goodchild},
	title        = {Citizens as sensors: the world of volunteered geography},
	journal      = {GeoJournal},
	volume       = {69},
	pages        = {211-221},
	year         = {2007},
}

@inproceedings{spinsanti2011,
	author       = {Laura Spinsanti and Frank Ostermann},
	title        = {Retrieve Volunteered Geographic Information for Forest Fire},
	booktitle    = {Proceedings of the 2\textsuperscript{nd} Italian Information Retrieval (IIR) Workshop},
	year         = {2011},
	location     = {Milan, Italy},
	url          = {http://publications.jrc.ec.europa.eu/repository/handle/111111111/22814},
	acmid        = {1348556},
	publisher    = {CEUR-WS},
}

@unpublished{raue2011,
	author       = {Stefan Raue},
	title        = "{The use of Social Media in Emergency Management}",
	address      = {Edinburgh, Scotland, UK},
	month        = {February},
	year         = {2011},
	note         = {Presentation},
}

@techreport{malmquist1999,
	editor       = {David L. Malmquist,},
	author       = {David Cotton and Tim Hewson and David Malmquist and Robert Muir-Wood and Jean Palutikof and Balaji Rajagopalan and Andrew Robertson and Walt Robinson and Mark Saunders and Torben Schmith and David Simmons},
	title        = {European Windstorms and the North Atlantic Oscillation: Impacts, Characteristics, and Predictability},
	institution  = {Risk Prediction Initiative/Bermuda Biological Station for Research},
	year         = {1999},
	address      = {Hamilton, Bermuda},
}

@inproceedings{ours2012,
	author       = {David Maxwell and Stefan Raue and Leif Azzopardi and Chris Johnson and Sarah Oates},
	title        = {\emph{Crisees:} Real-Time Monitoring of Social Media Streams to Support Crisis Management},
	booktitle    = {Proceedings of the 34\textsuperscript{th} European Conference on IR Research (ECIR) 2012},
	series       = {Lecture Notes in Computer Science},
	address      = {Barcelona, Spain},
	volume       = {7224},
	month        = {April},
	year         = {2012},
	publisher    = {Springer},
}

@article{kietzmann2011,
	title        = {Social media? Get serious! Understanding the functional building blocks of social media},
	volume       = {54},
	url          = {http://linkinghub.elsevier.com/retrieve/pii/S0007681311000061},
	number       = {3},
	journal      = {Business Horizons},
	publisher    = {``Kelley School of Business, Indiana University''},
	author       = {Kietzmann, Jan H and Hermkens, Kristopher and McCarthy, Ian P and Silvestre, Bruno S},
	year         = {2011},
	pages        = {241--251},
}

@mastersthesis{cook2009,
	author       = {Ann D. Cook},
	title        = {A case study of the manifestations and significance of social presence in a multi-user virtual environment},
	school       = {Department of Curriculum Studies, University of Saskatchewan},
	address      = {Saskatoon, Saskatchewan, Canada.},
	year         = {2009},
}

@article{schroeder1999,
	title        = {Social Life in Virtual Worlds: Structure and Interaction in Multi-User Virtual Reality Technology},
	volume       = {33},
	journal      = {Communications and Strategies},
	author       = {Ralph Schroeder},
	year         = {1999},
	pages        = {137},
}

@article{katz1997,
	author       = {Katz, James E. and Aspden, Philip},
	title        = {A nation of strangers?},
	journal      = {Commun. ACM},
	issue_date   = {Dec. 1997},
	volume       = {40},
	number       = {12},
	month        = dec,
	year         = {1997},
	issn         = {0001-0782},
	pages        = {81--86},
	numpages     = {6},
	url          = {http://doi.acm.org/10.1145/265563.265575},
	doi          = {10.1145/265563.265575},
	acmid        = {265575},
	publisher    = {ACM},
	address      = {New York, NY, USA},
}

@inproceedings{nielsen2011,
	author       = {Finn \r{A}rup Nielsen},
	title        = {A New {ANEW}: Evaluation of a Word List for Sentiment Analysis in Microblogs},
	pages        = {93--98},
	booktitle    = {Making Sense of Microposts {(\#MSM2011)}},
	address      = {Crete, Greece},
	year         = {2011},
	url          = {http://ceur-ws.org/Vol-718/paper_16.pdf},
}

@inproceedings{oconnor2010,
	author       = {Brendan O'Connor and Michel Krieger and David Ahn},
	title        = {TweetMotif: Exploratory Search and Topic Summarization for Twitter},
	booktitle    = {Proceedings of the Fourth International AAAI Conference on Weblogs and Social Media},
	address      = {Washington DC, USA},
	month        = {May},
	year         = {2010}
}

@article{hearst2002,
	author       = {Hearst, Marti and Elliott, Ame and English, Jennifer and Sinha, Rashmi and Swearingen, Kirsten and Yee, Ka-Ping},
	title        = {Finding the flow in web site search},
	journal      = {Commun. ACM},
	issue_date   = {September 2002},
	volume       = {45},
	number       = {9},
	month        = sep,
	year         = {2002},
	issn         = {0001-0782},
	pages        = {42--49},
	numpages     = {8},
	url          = {http://doi.acm.org/10.1145/567498.567525},
	doi          = {10.1145/567498.567525},
	acmid        = {567525},
	publisher    = {ACM},
	address      = {New York, NY, USA},
}

@article{heinzelman2010,
	title        = {Crowdsouring Crisis Information in Disaster-Affected Haiti},
	volume       = {252},
	journal      = {United States Institute of Peace},
	author       = {Jessica Heinzelman and Carol Waters},
	month        = {October},
	year         = {2010},
}

@inproceedings{scharl2008,
	author       = {Scharl, Arno and Stern, Hermann and Weichselbraun, Albert},
	title        = {Annotating and visualizing location data in geospatial web applications},
	booktitle    = {Proceedings of the first international workshop on Location and the web},
	series       = {LOCWEB '08},
	year         = {2008},
	isbn         = {978-1-60558-160-6},
	location     = {Beijing, China},
	pages        = {65--68},
	numpages     = {4},
	url          = {http://doi.acm.org/10.1145/1367798.1367809},
	doi          = {10.1145/1367798.1367809},
	acmid        = {1367809},
	publisher    = {ACM},
	address      = {New York, NY, USA},
	keywords     = {annotation, climate change, geospatial web, knowledge planet, tightly-coupled interface, web service},
}
